<record><leader>00000cas a22000007a 4500</leader><controlfield tag="001">11854985</controlfield><controlfield tag="008">850327d18391851nyuwr ne      0    0eng  </controlfield><datafield ind1=" " ind2=" " tag="010"><subfield code="a">sn 85042154 </subfield></datafield><datafield ind1=" " ind2=" " tag="040"><subfield code="a">DLC</subfield><subfield code="b">eng</subfield><subfield code="c">DLC</subfield><subfield code="d">NPX</subfield><subfield code="d">NYS</subfield><subfield code="d">OCL</subfield><subfield code="d">OCLCO</subfield><subfield code="d">OCLCQ</subfield><subfield code="d">OCLCF</subfield></datafield><datafield ind1="1" ind2=" " tag="029"><subfield code="a">AU@</subfield><subfield code="b">000025817818</subfield></datafield><datafield ind1=" " ind2=" " tag="042"><subfield code="a">msc</subfield></datafield><datafield ind1=" " ind2=" " tag="043"><subfield code="a">n-us-ny</subfield></datafield><datafield ind1="0" ind2="0" tag="050"><subfield code="a">Newspaper 8829-X</subfield></datafield><datafield ind1="0" ind2="4" tag="245"><subfield code="a">The Montgomery Whig.</subfield></datafield><datafield ind1=" " ind2=" " tag="260"><subfield code="a">Fultonville, N.Y. :</subfield><subfield code="b">F.J. Mills</subfield></datafield><datafield ind1=" " ind2=" " tag="300"><subfield code="a">v. :</subfield><subfield code="b">ill. (chiefly adv.) ;</subfield><subfield code="c">56 cm.</subfield></datafield><datafield ind1=" " ind2=" " tag="310"><subfield code="a">Weekly</subfield></datafield><datafield ind1="1" ind2=" " tag="362"><subfield code="a">Began with Oct. 24, 1839 issue; ceased with Apr. 15, 1851 issue.</subfield><subfield code="z">Cf. Gregory, W. Amer. newspapers.</subfield></datafield><datafield ind1=" " ind2=" " tag="500"><subfield code="a">Publishers: F.J. Mills, &lt;1839&gt;; B.F. Pinkham, &lt;1840-1841&gt;; Thomas R. Horton, &lt;Feb. 23, 1841-1851&gt;.</subfield></datafield><datafield ind1=" " ind2=" " tag="515"><subfield code="a">Beginning with Mar. 16, 1841 issue numbering changes to: New ser., vol. 1, no. 1.</subfield></datafield><datafield ind1=" " ind2=" " tag="588"><subfield code="a">Description based on: Vol. 1, no. 3 (Nov. 7, 1839).</subfield></datafield><datafield ind1=" " ind2="0" tag="651"><subfield code="a">Fultonville (N.Y.)</subfield><subfield code="v">Newspapers.</subfield></datafield><datafield ind1=" " ind2="7" tag="655"><subfield code="a">Newspapers.</subfield><subfield code="2">fast</subfield><subfield code="0">(OCoLC)fst01423814</subfield></datafield><datafield ind1=" " ind2="7" tag="651"><subfield code="a">New York (State)</subfield><subfield code="z">Fultonville.</subfield><subfield code="2">fast</subfield><subfield code="0">(OCoLC)fst01225022</subfield></datafield><datafield ind1=" " ind2=" " tag="752"><subfield code="a">United States</subfield><subfield code="b">New York</subfield><subfield code="c">Montgomery</subfield><subfield code="d">Fultonville.</subfield></datafield><datafield ind1="0" ind2="0" tag="785"><subfield code="t">Montgomery County Whig</subfield><subfield code="w">(DLC)sn 83031025</subfield></datafield></record>